<record><leader>00000cas a2200000 a 4500</leader><controlfield tag="001">12957723</controlfield><controlfield tag="008">851228d18631866nyuwr ne      0    0eng c</controlfield><datafield ind1=" " ind2=" " tag="010"><subfield code="a">sn 85038687 </subfield></datafield><datafield ind1=" " ind2=" " tag="040"><subfield code="a">NPY</subfield><subfield code="b">eng</subfield><subfield code="c">NPY</subfield><subfield code="d">NYS</subfield><subfield code="d">OCL</subfield><subfield code="d">CVF</subfield><subfield code="d">OCLCQ</subfield><subfield code="d">OCLCF</subfield><subfield code="d">OCLCO</subfield></datafield><datafield ind1="1" ind2=" " tag="029"><subfield code="a">AU@</subfield><subfield code="b">000020235076</subfield></datafield><datafield ind1=" " ind2=" " tag="042"><subfield code="a">pcc</subfield></datafield><datafield ind1=" " ind2=" " tag="043"><subfield code="a">n-us-ny</subfield></datafield><datafield ind1="0" ind2="0" tag="245"><subfield code="a">Oneida weekly dispatch.</subfield></datafield><datafield ind1=" " ind2=" " tag="260"><subfield code="a">Oneida, N.Y. :</subfield><subfield code="b">John Crawford,</subfield><subfield code="c">-1866.</subfield></datafield><datafield ind1=" " ind2=" " tag="300"><subfield code="a">v. ;</subfield><subfield code="c">60 cm.</subfield></datafield><datafield ind1=" " ind2=" " tag="310"><subfield code="a">Weekly</subfield></datafield><datafield ind1="1" ind2=" " tag="362"><subfield code="a">Began in 1863?</subfield></datafield><datafield ind1="0" ind2=" " tag="362"><subfield code="a">-v. 13, no. 13 (July 21, 1866).</subfield></datafield><datafield ind1=" " ind2=" " tag="500"><subfield code="a">"A Republican journal; devoted to literature, politics, local and general news."</subfield></datafield><datafield ind1=" " ind2=" " tag="500"><subfield code="a">Publishers: John Crawford, &lt;1863&gt;; E.H. Purdy &amp; D.A. Jackson, &lt;1866&gt;.</subfield></datafield><datafield ind1=" " ind2=" " tag="588"><subfield code="a">Description based on: Vol. 10, no. 15 (Aug. 8, 1863).</subfield></datafield><datafield ind1=" " ind2="0" tag="651"><subfield code="a">Oneida (N.Y.)</subfield><subfield code="v">Newspapers.</subfield></datafield><datafield ind1=" " ind2="7" tag="655"><subfield code="a">Newspapers.</subfield><subfield code="2">fast</subfield><subfield code="0">(OCoLC)fst01423814</subfield></datafield><datafield ind1=" " ind2="7" tag="651"><subfield code="a">New York (State)</subfield><subfield code="z">Oneida.</subfield><subfield code="2">fast</subfield><subfield code="0">(OCoLC)fst01208777</subfield></datafield><datafield ind1=" " ind2=" " tag="752"><subfield code="a">United States</subfield><subfield code="b">New York</subfield><subfield code="c">Madison</subfield><subfield code="d">Oneida.</subfield></datafield><datafield ind1="0" ind2="0" tag="780"><subfield code="t">Oneida sachem</subfield><subfield code="w">(DLC)sn 83031403</subfield><subfield code="w">(OCoLC)9874696</subfield></datafield><datafield ind1="0" ind2="0" tag="785"><subfield code="t">Oneida dispatch</subfield><subfield code="w">(DLC)sn 83031398</subfield><subfield code="w">(OCoLC)9874626</subfield></datafield></record>